@article{cms,
author = {CMS Collaboration},
journal = {Journal of Instrumentation},
keywords = {CMS,LHC},
mendeley-tags = {CMS,LHC},
number = {08},
title = {{The CMS experiment at the CERN LHC}},
volume = {3},
year = {2008}
}

@article{lhc,
  title={{LHC machine}},
  author={Evans, L. and Bryant, P.},
  journal={Journal of Instrumentation},
  volume={3},
  pages={S08001},
  year={2008},
  publisher={Institute of Physics Publishing}
}

@article{PF,
author = {CMS Collaboration},
file = {::},
journal = {CMS PAS},
volume = {PFT-09-001},
title = {{Particle Flow Event Reconstruction in CMS and Performance for Jets,
Taus, and \ET}},
year = {2009}
}

@article{pdf,
  title={{Uncertainties on $\alpha$ S in global PDF analyses and implications
for predicted hadronic cross sections}},
  author={Martin, AD and Stirling, WJ and Thorne, RS and Watt, G.},
  journal={The European Physical Journal C},
  volume={64},
  number={4},
  pages={653--680},
  year={2009},
  publisher={edpsciences. org}
}

@article{kom,
  title={{Charge asymmetry in W+ jets production at the LHC}},
  author={Kom, CH and Stirling, WJ},
  journal={Arxiv preprint arXiv:1004.3404},
  year={2010}
}

@article{phenom,
  title={{W boson production at hadron colliders: the lepton charge asymmetry in
NNLO QCD}},
  author={Catani, S. and Ferrera, G. and Grazzini, M.},
  journal={Journal of High Energy Physics},
  volume={2010},
  number={5},
  pages={1--41},
  year={2010},
  publisher={Springer}
}

@article{cdfWAsym,
  title={{Direct Measurement of the W Production Charge Asymmetry in pp
[over{\={}}] Collisions at sqrt [s]= 1.96 TeV}},
  author={Aaltonen, T. et al.},
  journal={Physical review letters},
  volume={102},
  number={18},
  pages={181801},
  year={2009},
  publisher={APS}
}

@article{d0WAsym,
  title={{Measurement of the Electron Charge Asymmetry in pp [over{\={}}]? W+ X?
e$\nu$+ X Events at sqrt [s]= 1.96 TeV}},
  author={Abazov, VM and Abbott, B. and Abolins, M. and Acharya, BS and Adams,
M. and Adams, T. and Aguilo, E. and Ahsan, M. and Alexeev, GD and Alkhazov, G.
and others},
  journal={Physical Review Letters},
  volume={101},
  number={21},
  pages={211801},
  year={2008},
  publisher={APS}
}

@article{code,
   title={cmssw.cvs.cern.ch/cgi-bin/cmssw.cgi/UserCode/ICFSusy/AnalysisV2/WCharge/}
}

@article{HLT,
   title={twiki.cern.ch/twiki/bin/view/CMS/TriggerMenuDescription8E29Devel}
}

@article{twiki_electron,
   title={twiki.cern.ch/twiki/bin/view/CMS/SimpleCutBasedEleID}
}

@article{template,
   title={twiki.cern.ch/twiki/bin/view/CMS/WenuTemplateFit}
}

@article{cmsSlice,
   title={cms.web.cern.ch}
}

@article{eleReco,
author = {{CMS Collaboration}},
file = {::},
journal = {CMS AN},
volume = {2009/164},
title = {{Electron Reconstruction in CMS}},
}

@article{wmunu,
author = {{CMS Collaboration}},
file = {::},
journal = {CMS AN},
volume = {2009/054},
title = {{Muon Charge Asymmetry in $pp \rightarrow W(\mu\nu)+X$ Production at
$\sqrt{s} = $7 TeV} },
}

@article{me,
author = {{CMS Collaboration}},
file = {::},
journal = {CMS AN},
volume = {2010/189},
title = {{Electron Charge Asymmetry in $pp \rightarrow W(e\nu)+X$ Production at
$\sqrt{s} = $7 TeV} }},
}


